<record xmlns="http://www.loc.gov/MARC21/slim" xmlns:xsi="http://www.w3.org/2001/XMLSchema-instance" xsi:schemaLocation="http://www.loc.gov/MARC21/slim http://www.loc.gov/standards/marcxml/schema/MARC21slim.xsd"><leader>     nam a22        4500</leader><controlfield tag="001">4509091</controlfield><controlfield tag="003">NIC</controlfield><controlfield tag="006">m        d        </controlfield><controlfield tag="007">cr cn |||m|||a</controlfield><controlfield tag="008">150316s1966    iq      ob    000 0 arar </controlfield><datafield ind1=" " ind2=" " tag="040"><subfield code="a">NNU</subfield><subfield code="b">eng</subfield><subfield code="e">rda</subfield><subfield code="c">NNU</subfield></datafield><datafield ind1=" " ind2=" " tag="043"><subfield code="a">aw-----</subfield></datafield><datafield ind1="0" ind2="0" tag="050"><subfield code="a">BX385.A1</subfield><subfield code="b">S5 1966</subfield></datafield><datafield ind1="1" ind2=" " tag="100"><subfield code="6">880-01</subfield><subfield code="a">Sha&#772;bushti&#772;, &#699;Ali&#772; ibn Muh&#803;ammad,</subfield><subfield code="d">-998.</subfield></datafield><datafield ind1="1" ind2="3" tag="245"><subfield code="6">880-02</subfield><subfield code="a">al-Diya&#772;ra&#772;t /</subfield><subfield code="c">li-Abi&#772; al-H&#803;asan &#699;Ali&#772; ibn Muh&#803;ammad al-ma&#699;ru&#772;f bi-al-Sha&#772;bushti&#772; ; tah&#803;qi&#772;q Kurki&#772;s &#699;Awwa&#772;d.</subfield></datafield><datafield ind1="1" ind2="4" tag="246"><subfield code="6">880-03</subfield><subfield code="a">Kita&#772;b al-diyarat; or The book of monasteries</subfield></datafield><datafield ind1="3" ind2="0" tag="246"><subfield code="a">Book of monasteries</subfield></datafield><datafield ind1=" " ind2=" " tag="250"><subfield code="6">880-04</subfield><subfield code="a">al-T&#803;ab&#699;ah 2.</subfield></datafield><datafield ind1=" " ind2=" " tag="260"><subfield code="6">880-05</subfield><subfield code="a">Baghda&#772;d :</subfield><subfield code="b">Maktabat al-Muthanna&#769;,</subfield><subfield code="c">1966.</subfield></datafield><datafield ind1=" " ind2=" " tag="300"><subfield code="a">online resource (55, 520 pages)</subfield></datafield><datafield ind1=" " ind2=" " tag="336"><subfield code="a">text</subfield><subfield code="2">rdacontent</subfield></datafield><datafield ind1=" " ind2=" " tag="337"><subfield code="a">computer</subfield><subfield code="2">rdamedia</subfield></datafield><datafield ind1=" " ind2=" " tag="338"><subfield code="a">online resource</subfield><subfield code="2">rdacarrier</subfield></datafield><datafield ind1=" " ind2=" " tag="500"><subfield code="a">Part of the Arabic Collections Online (ACO) project, contributed by Cornell University Libraries.</subfield></datafield><datafield ind1=" " ind2=" " tag="504"><subfield code="a">Includes bibliographical references (pages 486-487).</subfield></datafield><datafield ind1=" " ind2=" " tag="533"><subfield code="a">Electronic reproduction.</subfield><subfield code="b">New York, N.Y. :</subfield><subfield code="c">New York University,</subfield><subfield code="d">2015.</subfield><subfield code="5">NNU</subfield></datafield><datafield ind1=" " ind2="0" tag="650"><subfield code="a">Monasteries</subfield><subfield code="z">Middle East.</subfield></datafield><datafield ind1=" " ind2="7" tag="650"><subfield code="a">Monasteries.</subfield><subfield code="2">fast</subfield><subfield code="0">(OCoLC)fst01025070</subfield></datafield><datafield ind1=" " ind2="7" tag="651"><subfield code="a">Middle East.</subfield><subfield code="2">fast</subfield><subfield code="0">(OCoLC)fst01241586</subfield></datafield><datafield ind1="1" ind2=" " tag="700"><subfield code="6">880-06</subfield><subfield code="a">&#699;Awwa&#772;d, Ku&#772;rki&#772;s.</subfield></datafield><datafield ind1="2" ind2=" " tag="710"><subfield code="a">Cornell University.</subfield><subfield code="b">Libraries.</subfield></datafield><datafield ind1="0" ind2=" " tag="730"><subfield code="a">Arabic Collections Online.</subfield></datafield><datafield ind1="0" ind2="8" tag="776"><subfield code="i">Online version:</subfield><subfield code="a">Sha&#772;bushti&#772;, &#699;Ali&#772; ibn Muh&#803;ammad, -998.</subfield><subfield code="t">Diya&#772;ra&#772;t.</subfield><subfield code="b">al-T&#803;ab&#699;ah 2.</subfield><subfield code="d">Baghda&#772;d : Maktabat al-Muthanna&#769;, 1966</subfield><subfield code="w">(OCoLC)644699283</subfield></datafield><datafield ind1="0" ind2="8" tag="776"><subfield code="i">Print version:</subfield><subfield code="a">Sha&#772;bushti&#772;, &#699;Ali&#772; ibn Muh&#803;ammad, -998.</subfield><subfield code="t">al-Diya&#772;ra&#772;t</subfield><subfield code="w">(NIC)4509091</subfield><subfield code="w">(DLC)ne 67002009 </subfield><subfield code="w">(OCoLC)8001295</subfield></datafield><datafield ind1="4" ind2="0" tag="856"><subfield code="u">http://hdl.handle.net/2333.1/rjdfn5d3</subfield></datafield><datafield ind1="1" ind2=" " tag="880"><subfield code="6">100-01/r</subfield><subfield code="a">&#1588;&#1575;&#1576;&#1588;&#1578;&#1610;&#1548; &#1593;&#1604;&#1610; &#1576;&#1606; &#1605;&#1581;&#1605;&#1583;&#1548;,</subfield><subfield code="d">-998.</subfield></datafield><datafield ind1="1" ind2="2" tag="880"><subfield code="6">245-02/r</subfield><subfield code="a">&#1575;&#1604;&#1583;&#1610;&#1575;&#1585;&#1575;&#1578; /</subfield><subfield code="c">&#1604;&#1571;&#1576;&#1610; &#1575;&#1604;&#1581;&#1587;&#1606; &#1593;&#1604;&#1610; &#1576;&#1606; &#1605;&#1581;&#1605;&#1583; &#1575;&#1604;&#1605;&#1593;&#1585;&#1608;&#1601; &#1576;&#1575;&#1604;&#1588;&#1575;&#1576;&#1588;&#1578;&#1610; &#1563; &#1578;&#1581;&#1602;&#1610;&#1602; &#1603;&#1608;&#1585;&#1603;&#1610;&#1587; &#1593;&#1608;&#1575;&#1583;.</subfield></datafield><datafield ind1="1" ind2="4" tag="880"><subfield code="6">246-03/r</subfield><subfield code="a">&#1603;&#1578;&#1575;&#1576; &#1575;&#1604;&#1583;&#1610;&#1575;&#1585;&#1575;&#1578;</subfield></datafield><datafield ind1=" " ind2=" " tag="880"><subfield code="6">250-04/r</subfield><subfield code="a">&#1575;&#1604;&#1591;&#1576;&#1593;&#1577; 2.</subfield></datafield><datafield ind1=" " ind2=" " tag="880"><subfield code="6">260-05/r</subfield><subfield code="a">&#1576;&#1594;&#1583;&#1575;&#1583; :</subfield><subfield code="b">&#1605;&#1603;&#1578;&#1576;&#1577; &#1575;&#1604;&#1605;&#1579;&#1606;&#1609;&#1548;</subfield><subfield code="c">1966.</subfield></datafield><datafield ind1="1" ind2=" " tag="880"><subfield code="6">700-06/r</subfield><subfield code="a">&#1593;&#1608;&#1575;&#1583;&#1548; &#1603;&#1608;&#1585;&#1603;&#1610;&#1587;.</subfield></datafield><datafield ind1=" " ind2=" " tag="959"><subfield code="a">NNU</subfield><subfield code="b">WEB</subfield><subfield code="c">GENI</subfield><subfield code="t">0</subfield><subfield code="m">Electronic access</subfield><subfield code="s">01</subfield></datafield><datafield ind1=" " ind2=" " tag="999"><subfield code="i">NIC_4509091</subfield><subfield code="o">(OCoLC)ocm08001295 </subfield><subfield code="s">cornell_aco000337</subfield><subfield code="e">(ERROR-880)</subfield></datafield></record>